@article{wheeler1990information,
  title={Information, physics, quantum: The search for links},
  author={Wheeler, John A},
  journal={Complexity, entropy, and the physics of information},
  volume={8},
  year={1990}
}

@book{tesfatsion2006handbook,
  title={Handbook of computational economics: agent-based computational economics},
  author={Tesfatsion, Leigh and Judd, Kenneth L},
  volume={2},
  year={2006},
  publisher={Elsevier}
}

@article{tesfatsion2002agent,
  title={Agent-based computational economics: Growing economies from the bottom up},
  author={Tesfatsion, Leigh},
  journal={Artificial life},
  volume={8},
  number={1},
  pages={55--82},
  year={2002},
  publisher={MIT Press}
}

@article{bongers2016theoretical,
  title={Theoretical Aspects of Cyclic Structural Causal Models},
  author={Bongers, Stephan and Peters, Jonas and Sch{\"o}lkopf, Bernhard and Mooij, Joris M},
  journal={arXiv preprint arXiv:1611.06221},
  year={2016}
}

@inproceedings{zhou2007learning,
  title={Learning with hypergraphs: Clustering, classification, and embedding},
  author={Zhou, Dengyong and Huang, Jiayuan and Sch{\"o}lkopf, Bernhard},
  booktitle={Advances in neural information processing systems},
  pages={1601--1608},
  year={2007}
}


@article{jouneghani2013review,
  title={A review of Quantum Graphical Models.},
  author={Jouneghani, Farzad Ghafari and Babazadeh, Mohamad and Bayramzadeh, Rogayeh},
  journal={CoRR},
  year={2013}
}

@inproceedings{srinivasan2018learning,
  title={Learning and inference in hilbert space with quantum graphical models},
  author={Srinivasan, Siddarth and Downey, Carlton and Boots, Byron},
  booktitle={Advances in Neural Information Processing Systems},
  pages={10338--10347},
  year={2018}
}

@article{leifer2008quantum,
  title={Quantum graphical models and belief propagation},
  author={Leifer, Matthew S and Poulin, David},
  journal={Annals of Physics},
  volume={323},
  number={8},
  pages={1899--1946},
  year={2008},
  publisher={Elsevier}
}

@misc{koller2009probabilistic,
  title={Probabilistic Graphical Models, Massachusetts},
  author={Koller, Daphne and Friedman, Nir},
  year={2009},
  publisher={MIT Press USA}
}

@book{maathuis2018handbook,
  title={Handbook of Graphical Models},
  author={Maathuis, Marloes and Drton, Mathias and Lauritzen, Steffen and Wainwright, Martin},
  year={2018},
  publisher={CRC Press}
}

@book{Pearl2009,
author = {Pearl, Judea},
booktitle = {Causality: Models, Reasoning and Inference (2nd Edition)},
doi = {.1037//0033-2909.I26.1.78},
file = {:Users/gong/Library/Application Support/Mendeley Desktop/Downloaded/Pearl - 2009 - Causality Models, Reasoning and Inference.pdf:pdf},
isbn = {9780521895606},
mendeley-groups = {causal{\_}books},
pages = {1--9},
title = {{Causality: Models, Reasoning and Inference}},
year = {2009}
}

@article{allen2017quantum,
  title={Quantum common causes and quantum causal models},
  author={Allen, John-Mark A and Barrett, Jonathan and Horsman, Dominic C and Lee, Ciar{\'a}n M and Spekkens, Robert W},
  journal={Physical Review X},
  volume={7},
  number={3},
  pages={031021},
  year={2017},
  publisher={APS}
}























@misc{Authors14,
 author = {Authors},
 title = {The frobnicatable foo filter},
 note = {Face and Gesture  submission ID 324. Supplied as additional material {\tt fg324.pdf}},
 year = 2014
}

@misc{Authors14b,
 author = {Authors},
 title = {Frobnication tutorial},
 note = {Supplied as additional material {\tt tr.pdf}},
 year = 2014
}

@article{Alpher02,
author = {FirstName Alpher},
title = {Frobnication},
journal = {Journal of Foo},
volume = 12, 
number = 1, 
pages = {234--778}, 
year = 2002
}

@article{Alpher03,
author = {FirstName Alpher and  FirstName Fotheringham-Smythe},
title = {Frobnication revisited},
journal = {Journal of Foo},
volume = 13, 
number = 1, 
pages = {234--778}, 
year = 2003
}

@article{Alpher04,
author = {FirstName Alpher and FirstName Fotheringham-Smythe and FirstName Gamow},
title = {Can a machine frobnicate?},
journal = {Journal of Foo},
volume = 14, 
number = 1, 
pages = {234--778}, 
year = 2004
}
